<?xml version="1.0" encoding="UTF-8"?><record xmlns="http://www.loc.gov/MARC21/slim" xmlns:cinclude="http://apache.org/cocoon/include/1.0" xmlns:zs="http://www.loc.gov/zing/srw/">
  <leader>00540nz  a2200145n  4500</leader>
  <controlfield tag="001">n 2002136090</controlfield>
  <controlfield tag="003">DLC</controlfield>
  <controlfield tag="005">20020923043905.0</controlfield>
  <controlfield tag="008">020923n| acannaabn          |a aaa      </controlfield>
  <datafield tag="010" ind1=" " ind2=" ">
    <subfield code="a">n 2002136090</subfield>
  </datafield>
  <datafield tag="035" ind1=" " ind2=" ">
    <subfield code="a">(DNLM)1185895</subfield>
  </datafield>
  <datafield tag="040" ind1=" " ind2=" ">
    <subfield code="a">DNLM</subfield>
    <subfield code="b">eng</subfield>
    <subfield code="c">DNLM</subfield>
  </datafield>
  <datafield tag="100" ind1="1" ind2=" ">
    <subfield code="a">Allgayer, H.</subfield>
    <subfield code="q">(Heike),</subfield>
    <subfield code="d">1969-</subfield>
  </datafield>
  <datafield tag="400" ind1="1" ind2=" ">
    <subfield code="a">Allgayer, Heike,</subfield>
    <subfield code="d">1969-</subfield>
  </datafield>
  <datafield tag="670" ind1=" " ind2=" ">
    <subfield code="a">Molecular staging of cancer, c2003:</subfield>
    <subfield code="b">CIP t.p. (H. Allgayer) t.p. verso (PD Dr. med. Heike Allgayer, Ludwig Maximilians Univ., Dept. of Surgery, MuĚnchen, Germany) CIP data sheet (b. June 12, 1969)</subfield>
  </datafield>
</record>